<?xml version="1.0" encoding="UTF-8"?>
  <record xmlns="http://www.loc.gov/MARC21/slim" type="Authority">
    <leader>00000nz  a2200000nc 4500</leader>
    <controlfield tag="001">121935906</controlfield>
    <controlfield tag="003">DE-101</controlfield>
    <controlfield tag="005">20200506053648.0</controlfield>
    <controlfield tag="008">000328n||aznnnaabn           | aaa    |c</controlfield>
    <datafield tag="024" ind1="7" ind2=" ">
      <subfield code="a">121935906</subfield>
      <subfield code="0">http://d-nb.info/gnd/121935906</subfield>
      <subfield code="2">gnd</subfield>
    </datafield>
    <datafield tag="035" ind1=" " ind2=" ">
      <subfield code="a">(DE-101)121935906</subfield>
    </datafield>
    <datafield tag="035" ind1=" " ind2=" ">
      <subfield code="a">(DE-588)121935906</subfield>
    </datafield>
    <datafield tag="035" ind1=" " ind2=" ">
      <subfield code="z">(DE-588a)121935906</subfield>
      <subfield code="9">v:zg</subfield>
    </datafield>
    <datafield tag="040" ind1=" " ind2=" ">
      <subfield code="a">DE-12</subfield>
      <subfield code="c">DE-12</subfield>
      <subfield code="9">r:DE-12</subfield>
      <subfield code="b">ger</subfield>
      <subfield code="d">9999</subfield>
    </datafield>
    <datafield tag="042" ind1=" " ind2=" ">
      <subfield code="a">gnd1</subfield>
    </datafield>
    <datafield tag="043" ind1=" " ind2=" ">
      <subfield code="c">XA-DE</subfield>
      <subfield code="c">XA-PL</subfield>
    </datafield>
    <datafield tag="075" ind1=" " ind2=" ">
      <subfield code="b">p</subfield>
      <subfield code="2">gndgen</subfield>
    </datafield>
    <datafield tag="075" ind1=" " ind2=" ">
      <subfield code="b">piz</subfield>
      <subfield code="2">gndspec</subfield>
    </datafield>
    <datafield tag="079" ind1=" " ind2=" ">
      <subfield code="a">g</subfield>
      <subfield code="q">a</subfield>
      <subfield code="q">f</subfield>
      <subfield code="u">v</subfield>
      <subfield code="u">o</subfield>
    </datafield>
    <datafield tag="100" ind1="1" ind2=" ">
      <subfield code="a">Volckmar, Nicolaus</subfield>
      <subfield code="d">-1602</subfield>
    </datafield>
    <datafield tag="375" ind1=" " ind2=" ">
      <subfield code="a">1</subfield>
      <subfield code="2">iso5218</subfield>
    </datafield>
    <datafield tag="400" ind1="1" ind2=" ">
      <subfield code="a">Volckmar, Mikołaj</subfield>
      <subfield code="d">-1602</subfield>
      <subfield code="9">v:WBIS</subfield>
    </datafield>
    <datafield tag="400" ind1="1" ind2=" ">
      <subfield code="a">Volckmar, Nikolaus</subfield>
      <subfield code="d">-1602</subfield>
      <subfield code="9">v:(VD-16)</subfield>
    </datafield>
    <datafield tag="400" ind1="1" ind2=" ">
      <subfield code="a">Volckmar, Niclas</subfield>
      <subfield code="d">-1602</subfield>
    </datafield>
    <datafield tag="400" ind1="1" ind2=" ">
      <subfield code="a">Volckmar, Niclaß</subfield>
      <subfield code="d">-1602</subfield>
    </datafield>
    <datafield tag="400" ind1="1" ind2=" ">
      <subfield code="a">Volckmar, Nicol</subfield>
      <subfield code="d">-1602</subfield>
    </datafield>
    <datafield tag="400" ind1="1" ind2=" ">
      <subfield code="a">Volckmar, Nickel</subfield>
      <subfield code="d">-1602</subfield>
    </datafield>
    <datafield tag="400" ind1="1" ind2=" ">
      <subfield code="a">Volckmar, Niclaus</subfield>
      <subfield code="d">-1602</subfield>
    </datafield>
    <datafield tag="400" ind1="1" ind2=" ">
      <subfield code="a">Volkmar, Nicolaus</subfield>
      <subfield code="d">-1602</subfield>
    </datafield>
    <datafield tag="400" ind1="1" ind2=" ">
      <subfield code="a">Volkmar, Nikolaus</subfield>
      <subfield code="d">-1602</subfield>
    </datafield>
    <datafield tag="400" ind1="1" ind2=" ">
      <subfield code="a">Volcmar, Nicolaus</subfield>
      <subfield code="d">-1602</subfield>
    </datafield>
    <datafield tag="400" ind1="1" ind2=" ">
      <subfield code="a">Volkmarus, Nikolaus</subfield>
      <subfield code="d">-1602</subfield>
    </datafield>
    <datafield tag="400" ind1="1" ind2=" ">
      <subfield code="a">Volckmarus, Nicolaus</subfield>
      <subfield code="d">-1602</subfield>
    </datafield>
    <datafield tag="400" ind1="1" ind2=" ">
      <subfield code="a">Volcmarus, Nicolaus</subfield>
      <subfield code="d">-1602</subfield>
    </datafield>
    <datafield tag="400" ind1="1" ind2=" ">
      <subfield code="a">Volcmarus, Niclaus</subfield>
      <subfield code="d">-1602</subfield>
    </datafield>
    <datafield tag="400" ind1="1" ind2=" ">
      <subfield code="a">Volcmarius, Nicolaus</subfield>
      <subfield code="d">-1602</subfield>
    </datafield>
    <datafield tag="500" ind1="1" ind2=" ">
      <subfield code="0">(DE-101)119609886</subfield>
      <subfield code="0">(DE-588)119609886</subfield>
      <subfield code="0">https://d-nb.info/gnd/119609886</subfield>
      <subfield code="a">Asaricus, Daniel</subfield>
      <subfield code="d">1560-1606</subfield>
      <subfield code="4">beza</subfield>
      <subfield code="4">https://d-nb.info/standards/elementset/gnd#acquaintanceshipOrFriendship</subfield>
      <subfield code="w">r</subfield>
      <subfield code="i">Bekanntschaft</subfield>
      <subfield code="e">Bekanntschaft</subfield>
      <subfield code="9">v:VD-16 Mitverf.</subfield>
    </datafield>
    <datafield tag="500" ind1="1" ind2=" ">
      <subfield code="0">(DE-101)119745623</subfield>
      <subfield code="0">(DE-588)119745623</subfield>
      <subfield code="0">https://d-nb.info/gnd/119745623</subfield>
      <subfield code="a">Loß, Peter</subfield>
      <subfield code="4">beza</subfield>
      <subfield code="4">https://d-nb.info/standards/elementset/gnd#acquaintanceshipOrFriendship</subfield>
      <subfield code="w">r</subfield>
      <subfield code="i">Bekanntschaft</subfield>
      <subfield code="e">Bekanntschaft</subfield>
      <subfield code="9">v:VD-16 Mitverf.</subfield>
    </datafield>
    <datafield tag="548" ind1=" " ind2=" ">
      <subfield code="a">-1602</subfield>
      <subfield code="4">datl</subfield>
      <subfield code="4">https://d-nb.info/standards/elementset/gnd#dateOfDeath</subfield>
      <subfield code="w">r</subfield>
      <subfield code="i">Lebensdaten</subfield>
    </datafield>
    <datafield tag="550" ind1=" " ind2=" ">
      <subfield code="0">(DE-101)041992369</subfield>
      <subfield code="0">(DE-588)4199236-2</subfield>
      <subfield code="0">https://d-nb.info/gnd/4199236-2</subfield>
      <subfield code="a">Philologe</subfield>
      <subfield code="4">berc</subfield>
      <subfield code="4">https://d-nb.info/standards/elementset/gnd#professionOrOccupation</subfield>
      <subfield code="w">r</subfield>
      <subfield code="i">Charakteristischer Beruf</subfield>
    </datafield>
    <datafield tag="550" ind1=" " ind2=" ">
      <subfield code="0">(DE-101)042478502</subfield>
      <subfield code="0">(DE-588)4247850-9</subfield>
      <subfield code="0">https://d-nb.info/gnd/4247850-9</subfield>
      <subfield code="a">Lexikograf</subfield>
      <subfield code="4">beru</subfield>
      <subfield code="4">https://d-nb.info/standards/elementset/gnd#professionOrOccupation</subfield>
      <subfield code="w">r</subfield>
      <subfield code="i">Beruf</subfield>
    </datafield>
    <datafield tag="550" ind1=" " ind2=" ">
      <subfield code="0">(DE-101)041585895</subfield>
      <subfield code="0">(DE-588)4158589-6</subfield>
      <subfield code="0">https://d-nb.info/gnd/4158589-6</subfield>
      <subfield code="a">Gymnasiallehrer</subfield>
      <subfield code="4">beru</subfield>
      <subfield code="4">https://d-nb.info/standards/elementset/gnd#professionOrOccupation</subfield>
      <subfield code="w">r</subfield>
      <subfield code="i">Beruf</subfield>
    </datafield>
    <datafield tag="551" ind1=" " ind2=" ">
      <subfield code="0">(DE-101)040110397</subfield>
      <subfield code="0">(DE-588)4011039-4</subfield>
      <subfield code="0">https://d-nb.info/gnd/4011039-4</subfield>
      <subfield code="a">Danzig</subfield>
      <subfield code="4">ortw</subfield>
      <subfield code="4">https://d-nb.info/standards/elementset/gnd#placeOfActivity</subfield>
      <subfield code="w">r</subfield>
      <subfield code="i">Wirkungsort</subfield>
    </datafield>
    <datafield tag="667" ind1=" " ind2=" ">
      <subfield code="a">VD-17</subfield>
    </datafield>
    <datafield tag="667" ind1=" " ind2=" ">
      <subfield code="a">12</subfield>
    </datafield>
    <datafield tag="667" ind1=" " ind2=" ">
      <subfield code="a">7</subfield>
    </datafield>
    <datafield tag="667" ind1=" " ind2=" ">
      <subfield code="a">VD-16</subfield>
    </datafield>
    <datafield tag="670" ind1=" " ind2=" ">
      <subfield code="a">Polskie Archiwum Biograficzne I 565,294; II 386,167; IIS 86,197</subfield>
    </datafield>
    <datafield tag="672" ind1=" " ind2="0">
      <subfield code="a">Weinrich, Georg: Zwo Leichpredigten ... - 1602</subfield>
    </datafield>
    <datafield tag="672" ind1=" " ind2="0">
      <subfield code="a">Volckmar, Nicolaus: Dictionarium trium linguarum. - 1605</subfield>
    </datafield>
    <datafield tag="672" ind1=" " ind2="0">
      <subfield code="a">Volckmar, Nicolaus: Viertzig Dialogi, oder lustige Arten zu reden. - 1639</subfield>
    </datafield>
    <datafield tag="672" ind1=" " ind2="0">
      <subfield code="a">Volckmar, Nikolaus: Compendium LINGVAE POLONICAE IN gratiam Iuuentutis Dantiscanae collectum à ...  1594.  (VD16 ZV 18935)</subfield>
    </datafield>
    <datafield tag="672" ind1=" " ind2="0">
      <subfield code="a">Volckmar, Nikolaus: Dictionarium quadrilingue, Polonicum, Latinum, Graecum et Germanicum.  1594.  (VD16 V 2245)</subfield>
    </datafield>
    <datafield tag="672" ind1=" " ind2="0">
      <subfield code="a">Volckmar, Nikolaus: DICTIONARIVM TRILINGVE TRIPARTITVM AD DISCENDAM LINGVAM LATINAM POLONICAM ET GERMAnicam ...  1596.  (VD16 V 2246)</subfield>
    </datafield>
    <datafield tag="678" ind1=" " ind2=" ">
      <subfield code="b">Dt. Philologe; aus Hessen; ab 1584 Prof. für lat. und poln. Sprache am Gymnasium Danzig</subfield>
    </datafield>
    <datafield tag="913" ind1=" " ind2=" ">
      <subfield code="S">pnd</subfield>
      <subfield code="i">a</subfield>
      <subfield code="a">Volckmar, Nicolaus</subfield>
      <subfield code="0">(DE-588a)121935906</subfield>
    </datafield>
  </record>
